1997 2927
159 749 414 821 clepsydra

162 1011 199 1056 A
209 1016 420 1058 utomata

161 1068 481 1145 Tintinabulsr

162 1152 225 1185 aes
255 1147 487 1199 campanu

160 1262 424 1325 Horologia

162 1325 443 1374 cubicularia

162 1390 428 1436 excitatoria

160 1449 427 1502 Isomerinae

158 1515 347 1566 Caericae

165 1770 343 1819 matula

161 1833 344 1883 matella

166 1901 373 1948 matellio

166 1961 355 2015 lotium

159 2081 391 2138 lasanum

165 2152 425 2213 Scaphium

164 2216 362 2281 aqualis

1047 119 1321 174 tmER-ns

528 240 590 291 est
606 247 1140 310 acceptumz‘etiamnum
1158 250 1285 297 tame
1298 246 1462 299 nubilo
1473 248 1657 300 incertae
1672 249 1864 299 fuerunt

530 308 664 358 horae
679 312 774 378 uscp,
793 310 855 360 ad
871 316 1143 377 proximum
1159 311 1480 363 lustrumttunc
1494 313 1655 378 Scipio
1673 307 1861 362 Nassica

530 372 707 439 collega
725 379 884 425 [anati
901 379 1084 440 primus
1095 390 1218 439 aqua
1233 374 1384 426 diuisit
1397 378 1542 425 horas
1559 393 1691 441 aeque
1705 376 1862 426 noflisi

535 434 581 479 δί
600 436 892 503 dierumzidqz
912 441 1218 507 horologium
1238 438 1322 492 sub
1339 443 1458 489 tecto
1471 439 1642 489 dicauit
1659 455 1788 489 anno
1804 453 1863 489 ut

531 496 604 548 bis
635 502 1008 564 quingentesimo
1026 503 1336 570 nonagesimo
1388 508 1550 553 uinto:
1571 518 1667 553 tam
1687 505 1865 568 diupo.

531 562 627 614 Ro.
646 556 883 616 indiscreta
900 568 977 617 lux
994 567 1232 632 fuit:quod
1251 572 1358 634 &ip
1380 584 1461 616 um
1480 584 1535 617 ex
1565 566 1864 618 consuetudi!

534 640 594 676 ne
612 629 831 679 noscendi
850 631 992 680 horas
1009 647 1034 679 a
1053 629 1147 681 sole
1163 630 1382 681 solarium
1399 644 1610 696 coeptum
1630 632 1688 680 est
1701 636 1863 682 uocari

534 704 587 739 ut
605 687 753 741 scribit
768 693 1065 744 Censorinus.
1085 694 1417 745 Huiuscemodi
1435 708 1592 744 tamen
1609 695 1861 762 horologia

534 762 726 818 proprie
742 757 1004 821 Clepsvdrae
1019 763 1324 810 nominantur
1340 757 1475 823 quod
1489 773 1662 821 aquam
1678 774 1772 822 qua
1792 764 1862 808 ho

535 832 599 867 rae
618 819 903 870 notabantur
921 820 1139 870 inclusam
1159 823 1206 868 δέ
1221 824 1401 872 occulta
1418 822 1668 872 habebant.
1686 823 1860 873 Nostra

537 885 803 946 tempestate
818 884 1068 950 horologia
1101 886 1148 931 ὃς
1162 885 1355 949 quidem
1372 885 1554 952 publice
1571 902 1625 934 ex
1657 887 1786 935 ferro
1801 902 1862 936 ro

539 946 643 993 tulis
663 946 997 998 dentaticulatis
1030 949 1077 994 &
1107 949 1397 1013 ponderibus
1429 949 1605 997 libratis
1631 955 1756 1010 miro
1771 953 1861 1000 arti

540 1009 650 1057 ficio
663 1010 1067 1076 producunturead
1083 1011 1227 1062 horas
1245 1011 1372 1063 distin
1441 1011 1551 1062 edas
1570 1014 1616 1059 δι
1627 1015 1861 1079 Campani

541 1075 793 1139 :erisquod
809 1076 1138 1125 tintinabulum
1154 1082 1348 1142 antiqui:
1382 1080 1516 1126 onitu
1531 1074 1860 1143 significandas

541 1140 658 1184 inter
677 1142 934 1189 Automata
951 1156 1058 1204 quae
1072 1155 1153 1205 per
1172 1139 1215 1188 se
1232 1144 1452 1191 mouetur
1468 1139 1740 1192 numerada.
1755 1142 1859 1190 Fifit

542 1204 678 1248 etiam
698 1219 752 1250 ex
772 1217 860 1252 aere
875 1206 1069 1268 paruula
1088 1200 1163 1254 sed
1181 1207 1426 1264 priuataz&
1444 1203 1506 1253 ad
1523 1203 1692 1254 effidem
1722 1202 1857 1254 usum

544 1265 590 1309 &
609 1269 669 1316 ad
687 1262 878 1315 somnos
897 1270 1089 1317 arbitrio
1104 1269 1289 1317 nostro:
1308 1282 1360 1318 ut
1373 1271 1623 1317 excitemur
1655 1281 1857 1332 rumpen

543 1327 754 1391 dosrquae
769 1345 875 1378 cum
893 1335 939 1378 in
955 1332 1172 1380 cubiculis
1189 1332 1448 1380 habeantur
1467 1332 1742 1381 cubicularia
1759 1333 1857 1379 exci
1877 1378 1881 1382 .

543 1396 771 1441 tatoriaue
786 1389 1019 1443 rectissime
1035 1390 1190 1458 possut
1203 1395 1527 1459 appellariSfit
1543 1397 1589 1442 &
1605 1413 1630 1443 e
1644 1397 1769 1443 uitro
1787 1395 1856 1445 ho

543 1457 724 1520 rologia
739 1473 845 1520 quae
860 1458 1132 1507 harenulam
1148 1456 1241 1507 siue
1258 1459 1532 1506 albicantem
1548 1459 1856 1523 puluisculum

543 1528 644 1579 quo
660 1522 790 1569 horae
809 1520 1055 1586 singilatim
1079 1519 1360 1570 inuerrendo
1374 1533 1599 1570 notantur
1614 1521 1791 1570 habent
1807 1525 1857 1571 in

540 1581 960 1633 clusumfflomrum
975 1598 1132 1635 autem
1161 1587 1434 1649 comprimis
1449 1585 1554 1633 sunt
1583 1586 1857 1649 aequinofiia

541 1647 606 1695 les
623 1664 730 1711 quae
751 1646 1006 1698 -somerinae
1022 1668 1033 1698 :
1053 1651 1096 1695 δε
1115 1650 1395 1716 temporales
1411 1664 1518 1715 quae
1530 1651 1744 1716 uulgares
1758 1664 1857 1717 grae

543 1715 582 1758 ci
599 1715 798 1762 Caericas
815 1712 1059 1776 appellant:
1441 1766 1448 1772 ,

694 1775 882 1825 Atulam
898 1778 943 1823 δι
962 1775 1208 1824 matelllam
1227 1790 1279 1825 ut
1292 1778 1367 1826 alii
1382 1781 1520 1826 etiam
1537 1777 1853 1827 matellionem

694 1842 739 1886 &
754 1838 958 1889 lasanum
977 1856 1060 1888 uas
1075 1839 1135 1887 acl
1147 1841 1311 1890 lotium
1329 1840 1436 1889 idest
1451 1845 1632 1890 urinam
1648 1843 1854 1891 uocitabl

593 1946 599 1950 .
691 1920 812 1953 mus:
829 1899 987 1952 Graeci
1001 1901 1254 1967 scaphium:
1273 1905 1564 1953 quenalisz&
1578 1903 1678 1952 ride
1693 1903 1854 1968 positis

540 1964 778 2029 scaphium
797 1982 903 2014 cum
921 1965 1113 2015 sumitur
1128 1966 1345 2017 armistde
1359 1967 1539 2017 matella
1557 1966 1786 2018 Martialis
1803 1972 1852 2018 in

540 2029 983 2095 apophoretistCum
1000 2032 1167 2091 poscos
1179 2036 1351 2093 crepitu
1370 2031 1622 2098 digitorum
1643 2034 1690 2079 δε
1707 2047 1854 2082 uerna

543 2108 772 2142 moratur:
791 2094 865 2141 Ah
884 2096 1067 2157 quoties
1084 2094 1228 2157 pellex
1246 2096 1431 2143 culcitra
1448 2098 1562 2143 faeta
1581 2110 1684 2143 mea
1700 2094 1853 2145 estzsed

540 2154 746 2206 lasanum
764 2157 810 2204 «Sc
826 2156 1081 2222 Scaphium
1099 2155 1159 2204 ad
1172 2172 1458 2208 excrementa
1475 2162 1648 2206 uentris
1664 2160 1853 2224 aliquan

544 2219 707 2271 dotDe
721 2221 982 2270 matellione
995 2224 1161 2269 Cicero
1176 2226 1221 2269 in
1240 2221 1641 2287 paradoxis:Qi‚id
1659 2227 1781 2271 enim
1800 2224 1853 2272 (ἔ

544 2284 615 2334 ses'
626 2287 776 2349 inquit
792 2284 824 2332 si
837 2289 902 2336 ,L
923 2285 977 2335 M
983 2290 1135 2333 umius
1152 2287 1352 2349 aliquem
1372 2289 1559 2336 istorum
1577 2286 1754 2336 uideret
1771 2302 1851 2336 ma

543 2349 778 2398 tellionem
810 2347 1129 2409 Corynrhiu'm
1157 2343 1439 2415 cupidissime
1456 2353 1722 2398 tractantem
1740 2367 1850 2401 cum
1900 2401 1904 2404 ,

540 2413 636 2480 ipse
651 2424 802 2463 totam
814 2414 1101 2476 corynthum
1117 2412 1494 2482 comtempsisset:
1511 2413 1606 2470 Vbi
1623 2413 1683 2465 de
1694 2415 1852 2480 aquali
